<?xml version="1.0" encoding="UTF-8"?><collection xmlns="http://www.loc.gov/MARC21/slim"><record><leader>00328nam--2200121-i-4500</leader><controlfield tag="001">000027514</controlfield><controlfield tag="002">20161230</controlfield><controlfield tag="005">20161230201036</controlfield><controlfield tag="008">060222s1000------------r-----000-0-eng-d</controlfield><datafield ind1=" " ind2=" " tag="245"><subfield code="a">Recommandations of the icrp (adopted september 17, 1965) 1966</subfield></datafield><datafield ind1=" " ind2=" " tag="260"><subfield code="a">Oxford, Pergamon Press, 1966</subfield></datafield><datafield ind1=" " ind2=" " tag="490"><subfield code="a">Icrp Publications</subfield></datafield><datafield ind1=" " ind2=" " tag="852"><subfield code="a">14285</subfield></datafield></record></collection>